%% LaTeX2e file `reference.bib'
%% generated by the `filecontents' environment
%% from source `Kravspecifikation' on 2020/11/24.
%%
@online{grotto1,
author="ansimuz",
title="Platform Pixel Art Assets",
howpublished ="Website",
date = "2015-02-05",
url ="https://opengameart.org/content/platform-pixel-art-assets",
urldate="2020-11-24",
}
@online{grotto2,
author="ansimuz",
title="Grotto Escape II - Environment",
howpublished ="Website",
date = "2017-01-08",
url ="https://opengameart.org/content/grotto-escape-ii-environment",
urldate="2020-11-24",
}
